@book{zz,
   title =     {{Heat and thermodynamics}},
   author =    {M. Zemansky and R. Dittman},
   publisher = {McGraw-Hill},
   isbn =      {9780070170599,0070170592},
   year =      {1996},
   series =    {},
   edition =   {7th},
   volume =    {},
   pages =     {8}
   }

@misc{conductividad_notas,
  title = {Conductividad Térmica},
  author = {Rodríguez, J. E. }

}